<?xml version="1.0" encoding="UTF-8"?>
<collection xmlns:xsi="http://www.w3.org/2001/XMLSchema-instance" xsi:schemaLocation="http://www.loc.gov/MARC21/slim http://www.loc.gov/standards/marcxml/schema/MARC21slim.xsd" xmlns="http://www.loc.gov/MARC21/slim">
<record>
  <leader>01197cam a2200265   4500</leader>
  <controlfield tag="001">3062977</controlfield>
  <controlfield tag="003">NNC</controlfield>
  <controlfield tag="005">20140722153430.0</controlfield>
  <controlfield tag="008">951206s1906    ua            000 0 araod</controlfield>
  <datafield tag="035" ind1=" " ind2=" ">
    <subfield code="a">(OCoLC)ocm33860349</subfield>
  </datafield>
  <datafield tag="035" ind1=" " ind2=" ">
    <subfield code="9">ATN4736CU</subfield>
  </datafield>
  <datafield tag="035" ind1=" " ind2=" ">
    <subfield code="a">(NNC)3062977</subfield>
  </datafield>
  <datafield tag="035" ind1=" " ind2=" ">
    <subfield code="a">3062977</subfield>
  </datafield>
  <datafield tag="040" ind1=" " ind2=" ">
    <subfield code="a">CUY</subfield>
    <subfield code="c">CUY</subfield>
    <subfield code="d">OCL</subfield>
    <subfield code="d">CGU</subfield>
    <subfield code="d">ZCU</subfield>
  </datafield>
  <datafield tag="099" ind1=" " ind2=" ">
    <subfield code="a">893.799</subfield>
    <subfield code="a">M8941</subfield>
  </datafield>
  <datafield tag="100" ind1="0" ind2=" ">
    <subfield code="a">Muḥammad ʻAbd al-Ḥayy,</subfield>
    <subfield code="d">1848-1886 or 1887.</subfield>
  </datafield>
  <datafield tag="240" ind1="1" ind2="0">
    <subfield code="a">Fawāʼid al-bahīyah fī tarājim al-Ḥanafīyah</subfield>
  </datafield>
  <datafield tag="245" ind1="1" ind2="0">
    <subfield code="a">Kitāb al-fawāʾid al-bahīyah fī tarājim al-Ḥanafīyah /</subfield>
    <subfield code="c">taʾlīf Abī al-Ḥasanāt Muḥammad ʻAbd al-Ḥayy al-Lakanawī al-Hindī, maʻa al-taʻlīqāt al-sanīyah ʻalá al-fawāʾid al-bahīyah lil-muʾallif al-madhkūr ; ʻuniya bi-taṣḥīḥih wa-taʻlīq baʻḍ al-zawāʾid ʻalayh Muḥammad Badr al-Dīn Abū Firās al-Naʻsānī.</subfield>
  </datafield>
  <datafield tag="250" ind1=" " ind2=" ">
    <subfield code="a">al-Ṭabʻah 1.</subfield>
  </datafield>
  <datafield tag="260" ind1=" " ind2=" ">
    <subfield code="a">[al-Qāhirah] :</subfield>
    <subfield code="b">Aḥmad Nājī al-Jamālī wa-Muḥammad Amīn al-Khānjī,</subfield>
    <subfield code="c">[1906]</subfield>
  </datafield>
  <datafield tag="300" ind1=" " ind2=" ">
    <subfield code="a">249, 13 p.</subfield>
    <subfield code="c">132 cm.</subfield>
  </datafield>
  <datafield tag="650" ind1=" " ind2="0">
    <subfield code="a">Hanafites.</subfield>
  </datafield>
  <datafield tag="650" ind1=" " ind2="0">
    <subfield code="a">Law</subfield>
    <subfield code="v">Biography.</subfield>
  </datafield>
  <datafield tag="700" ind1="1" ind2=" ">
    <subfield code="a">Ḥalabī, Muḥammad Badr al-Dīn al-Naʻsānī.</subfield>
  </datafield>
  <datafield tag="955" ind1=" " ind2=" ">
    <subfield code="b">CU58844775</subfield>
    <subfield code="d">off,glx</subfield>
    <subfield code="e">893.799 M8941</subfield>
  </datafield>
</record>
</collection>